<?xml version="1.0" encoding="UTF-8"?><collection xmlns="http://www.loc.gov/MARC21/slim"><record><leader>00400nam--2200169-u-4500</leader><controlfield tag="001">000051826</controlfield><controlfield tag="002">20161230</controlfield><controlfield tag="005">20161230201049</controlfield><controlfield tag="008">081030s1000------------r-----000-0-eng-d</controlfield><datafield ind1=" " ind2=" " tag="040"><subfield code="a">IFIN-HH</subfield></datafield><datafield ind1=" " ind2=" " tag="080"><subfield code="a">517.984.24</subfield></datafield><datafield ind1="1" ind2=" " tag="100"><subfield code="a">Maksudov,F.G.(red.)</subfield></datafield><datafield ind1="1" ind2="0" tag="245"><subfield code="a">Spektralnaya Teoriya Operatorov</subfield></datafield><datafield ind1=" " ind2=" " tag="260"><subfield code="a">Baku</subfield><subfield code="c">1977</subfield></datafield><datafield ind1=" " ind2=" " tag="300"><subfield code="a">337 p</subfield></datafield><datafield ind1=" " ind2=" " tag="852"><subfield code="a">45788</subfield><subfield code="c">517.9</subfield></datafield><datafield ind1=" " ind2=" " tag="CAT"><subfield code="a">Sys</subfield><subfield code="c">20081030</subfield><subfield code="h">082638</subfield></datafield></record></collection>